%% This BibTeX bibliography file was created using BibDesk.
%% http://bibdesk.sourceforge.net/


%% Created for steven schowalter at 2010-11-17 18:14:44 -0800

%% Saved with string encoding Western (ASCII)
@book{Demtroder2003,
address = {New York},
author = {Demtr\"{o}der, Wolfgang},
edition = {Third Edit},
publisher = {Springer Verlag},
title = {{Laser Spectroscopy: Basic Concepts and Instrumentation}},
year = {2003}
}


@article{Weinstein1998,
author = {Weinstein, JD},
journal = {Nature},
number = {June},
pages = {148--150},
volume = {190},
year = {1998}
}


@article{Pupillo2008,
archivePrefix = {arXiv},
author = {Pupillo, G and Micheli, A and Zoller, P},
eprint = {arXiv:0805.1896v1},
year = {2008}
}
@article{Baranov2008,
author = {Baranov, M},
journal = {Phys. Rep.},
month = aug,
number = {3},
pages = {71--111},
volume = {464},
year = {2008}
}


@article{Ni2010,
author = {Ni, K-K and Ospelkaus, S and Wang, D and Qu\'{e}m\'{e}ner, G and Neyenhuis, B and de Miranda, M H G and Bohn, J L and Ye, J and Jin, D S},
issn = {1476-4687},
journal = {Nature},
month = apr,
number = {7293},
pages = {1324--8},
pmid = {20428166},
volume = {464},
year = {2010}
}


@article{Grimm1987,
archivePrefix = {arXiv},
arxivId = {physics/9902072},
author = {Grimm, Rudolf and Weidem\"{u}ller, Matthias and Ovchinnikov, Yurii B},
eprint = {9902072},
month = feb,
primaryClass = {physics},
year = {1999}
}

@techreport{Roy2012,
address = {Ontario, Canada},
author = {Roy, Robert J Le},
institution = {University of Waterloo},
number = {April 2007},
title = {{\textsc{LEVEL} 8.0 A Computer Program for Solving the Radial Schr{\"o}dinger Equation for Bound and Quasibound Levels}},
year = {2012}
}
@techreport{Roy2004,
address = {Ontario, Canada},
author = {Roy, Robert J Le and Kraemer, Geoffrey T},
institution = {Univeristy of Waterloo},
number = {August},
title = {{\textsc{BCONT} 2.2 A Computer Program for Calculating Bound to Continuum Transition Intensities for Diatomic Molecules}},
year = {2004}
}


@article{Hirota1992,
author = {Hirota, Eizi},
journal = {Chem. Rev.},
month = jan,
number = {1},
pages = {141--173},
volume = {92},
year = {1992}
}

@incollection{Schwerdtfeger2006,
address = {Amsterdam},
author = {Schwerdtfeger, Peter},
booktitle = {Computational Aspects of Electric Polarizability Calculations: Atoms, Molecules and Clusters},
chapter = {1},
pages = {1--32},
publisher = {IOS Press},
title = {{Atomic static dipole polarizabilities}},
year = {2006}
}

@article{Federer1985,
author = {Federer, W. and Dobler, W. and Howorka, F. and Lindinger, W. and Durup-Ferguson, M. and Ferguson, E. E.},
journal = {J. Chem. Phys.},
number = {3},
pages = {1032},
volume = {83},
year = {1985}
}


@article{Staanum2010,
author = {Staanum, Peter F. and H\o jbjerre, Klaus and Skyt, Peter S. and Hansen, Anders K. and Drewsen, Michael},
journal = {Nat. Phys.},
month = mar,
number = {4},
pages = {271--274},
publisher = {Nature Publishing Group},
volume = {6},
year = {2010}
}


@article{Molhave2000,
author = {M{\"o}lhave, K and Drewsen, M},
journal = {Phys. Rev. A},
month = jun,
number = {1},
pages = {11401},
volume = {62},
year = {2000}
}

@article{Bertelsen2006,
author = {Bertelsen, Anders and J{\"o}rgensen, Solvejg and Drewsen, Michael},
journal = {J. Phys. B: At. Mol. Opt. Phys.},
month = mar,
number = {5},
pages = {L83--L89},
volume = {39},
year = {2006}
}


@article{Ostendorf2006,
author = {Ostendorf, A. and Zhang, C. and Wilson, M. and Offenberg, D. and Roth, B. and Schiller, S.},
journal = {Phys. Rev. Lett.},
month = dec,
number = {24},
pages = {1--4},
volume = {97},
year = {2006}
}
@article{Roth2005,
author = {Roth, B and Ostendorf, a and Wenz, H and Schiller, S},
journal = {J. Phys. B: At. Mol. Opt. Phys.},
month = oct,
number = {20},
pages = {3673--3685},
volume = {38},
year = {2005}
}


@article{Nguyen2011,
author = {Nguyen, Jason H V and Viteri, C Ricardo and Hohenstein, Edward G and Sherrill, C David and Brown, Kenneth R and Odom, Brian},
issn = {1367-2630},
journal = {New J. Phys.},
month = jun,
number = {6},
pages = {063023},
volume = {13},
year = {2011}
}
@article{Nguyen2011a,
author = {Nguyen, J. and Odom, B.},
issn = {1050-2947},
journal = {Phys. Rev. A},
month = may,
number = {5},
pages = {1--7},
volume = {83},
year = {2011}
}


@article{Cossel2012,
author = {Cossel, Kevin C. and Gresh, Daniel N. and Sinclair, Laura C. and Coffey, Tyler and Skripnikov, Leonid V. and Petrov, Alexander N. and Mosyagin, Nikolai S. and Titov, Anatoly V. and Field, Robert W. and Meyer, Edmund R. and Cornell, Eric a. and Ye, Jun},
journal = {Chem. Phys. Lett.},
month = sep,
pages = {1--11},
volume = {546},
year = {2012}
}

@article{Meyer2006,
author = {Meyer, Edmund and Bohn, John and Deskevich, Michael},
journal = {Phys. Rev. A},
month = jun,
number = {6},
pages = {062108},
volume = {73},
year = {2006}
}

@article{Schiller2005,
author = {Schiller, S. and Korobov, V.},
issn = {1050-2947},
journal = {Phys. Rev. A},
month = mar,
number = {3},
pages = {032505},
volume = {71},
year = {2005}
}


@article{Koelemeij2007,
author = {Koelemeij, J. and Roth, B. and Wicht, a. and Ernsting, I. and Schiller, S.},
issn = {0031-9007},
journal = {Phys. Rev. Lett.},
month = apr,
number = {17},
pages = {173002},
volume = {98},
year = {2007}
}


@article{Ni2008,
author = {Ni, K-K and Ospelkaus, S and de Miranda, M H G and Pe'er, A and Neyenhuis, B and Zirbel, J J and Kotochigova, S and Julienne, P S and Jin, D S and Ye, J},
issn = {1095-9203},
journal = {Science (New York, N.Y.)},
month = oct,
number = {5899},
pages = {231--5},
pmid = {18801969},
volume = {322},
year = {2008}
}


@article{Hummon2013,
author = {Hummon, Matthew T. and Yeo, Mark and Stuhl, Benjamin K. and Collopy, Alejandra L. and Xia, Yong and Ye, Jun},
issn = {0031-9007},
journal = {Phys. Rev. Lett.},
month = apr,
number = {14},
pages = {143001},
volume = {110},
year = {2013}

}

@article{Shuman2010,
author = {Shuman, E S and Barry, J F and Demille, D},
issn = {1476-4687},
journal = {Nature},
month = oct,
number = {7317},
pages = {820--3},
pmid = {20852614},
publisher = {Nature Publishing Group},
volume = {467},
year = {2010}
}



@article{Carr2009,
author = {Carr, Lincoln D and DeMille, David and Krems, Roman V and Ye, Jun},
issn = {1367-2630},
journal = {New J. Phys.},
month = may,
number = {5},
pages = {055049},
volume = {11},
year = {2009}
}
@article{DeMille2008,
author = {DeMille, D. and Cahn, S. B. and Murphree, D. and Rahmlow, D. a. and Kozlov, M. G.},
issn = {0031-9007},
journal = {Phys. Rev. Lett.},
month = jan,
number = {2},
pages = {023003},
volume = {100},
year = {2008}
}

@article{DeMille2008a,
author = {DeMille, D. and Sainis, S. and Sage, J. and Bergeman, T. and Kotochigova, S. and Tiesinga, E.},
issn = {0031-9007},
journal = {Phys. Rev. Lett.},
month = jan,
number = {4},
pages = {043202},
volume = {100},
year = {2008}
}


@article{Hudson2011,
author = {Hudson, J J and Kara, D M and Smallman, I J and Sauer, B E and Tarbutt, M R and Hinds, E A},
issn = {1476-4687},
journal = {Nature},
month = may,
number = {7348},
pages = {493--6},
pmid = {21614077},
volume = {473},
year = {2011}
}
@article{Kozlov2002,
author = {Kozlov, M. and DeMille, D.},
issn = {0031-9007},
journal = {Phys. Rev. Lett.},
month = sep,
number = {13},
pages = {133001},
volume = {89},
year = {2002}
}

@article{Vutha2010,
author = {Vutha, a C and Campbell, W C and Gurevich, Y V and Hutzler, N R and Parsons, M and Patterson, D and Petrik, E and Spaun, B and Doyle, J M and Gabrielse, G and DeMille, D},
issn = {0953-4075},
journal = {J. Phys. B: At. Mol. Opt. Phys.},
month = apr,
number = {7},
pages = {074007},
volume = {43},
year = {2010}
}



@article{Flambaum2007,
author = {Flambaum, V. and Kozlov, M.},
issn = {0031-9007},
journal = {Phys. Rev. Lett.},
month = oct,
number = {15},
pages = {1--4},
volume = {99},
year = {2007}
}

@article{Hudson2006,
author = {Hudson, Eric and Lewandowski, H. and Sawyer, Brian and Ye, Jun},
issn = {0031-9007},
journal = {Phys. Rev. Lett.},
month = apr,
number = {14},
pages = {143004},
volume = {96},
year = {2006}
}


@article{Yelin2006,
author = {Yelin, S. and Kirby, K. and C\^{o}t\'{e}, Robin},
journal = {Phys. Rev. A},
month = nov,
number = 5,
pages = 050301,
volume = 74,
year = 2006
}
@article{DeMille2002,
author = {DeMille, D.},
journal = {Phys. Rev. Lett.},
month = jan,
number = 6,
pages = {1--4},
volume = 88,
year = 2002
}


@article{Heller1978,
author = {Heller, Eric J.},
issn = {00219606},
journal = {J. Chem. Phys.},
number = {5},
pages = {2066},
volume = {68},
year = {1978}
}


@book{Vallee2004,
address = {London},
author = {Vall\'{e}e, Olivier and Soares, Manuel},
pages = 194,
publisher = {Imperial College Pressh},
title = {{Airy Functions and Applications to Physics}},
year = 2004
}


@article{March1997,
author = {March, RE},
journal = {J. Mass. Spec.},
pages = {351--369},
volume = 32,
year = 1997
}


@article{Sullivan2011,
author = {Sullivan, Scott T and Rellergert, Wade G and Kotochigova, Svetlana and Chen, Kuang and Schowalter, Steven J and Hudson, Eric R},
issn = {1463-9084},
journal = {Phys. Chem. Chem. Phys},
month = nov,
number = {42},
pages = {18859--63},
volume = {13},
year = {2011}
}


@article{Hoffmann1996,
author = {Hoffmann, D and Bali, S and Walker, T},
journal = {Phys. Rev. A},
month = aug,
number = {2},
pages = {R1030--R1033},
pmid = {9913664},
volume = {54},
year = {1996}
}


@article{Chen2011,
author = {Chen, Kuang and Schowalter, Steven and Kotochigova, Svetlana and Petrov, Alexander and Rellergert, Wade and Sullivan, Scott and Hudson, Eric},
journal = {Phys. Rev. A},
month = mar,
number = {3},
pages = {1--4},
volume = {83},
year = {2011}
}

@article{Earnshaw1842,
author = {Earnshaw, Samuel},
journal = {Trans. Camb. Phil. Soc},
pages = {97--112},
volume = {7},
year = {1842}
}


@article{Anderson1995,
author = {Anderson, M H and Ensher, J R and Matthews, M R and Wieman, C E and Cornell, E a},
issn = {0036-8075},
journal = {Science (New York, N.Y.)},
month = jul,
number = {5221},
pages = {198--201},
pmid = {17789847},
volume = {269},
year = {1995}
}
@book{Metcalf1999,
author = {Metcalf, H J and {Van Der Straten}, P},
isbn = {0387987282},
issn = {10502947},
pages = {2758--2760},
pmid = {9901562},
title = {{Laser Cooling and Trapping}},
volume = {39},
year = {1999}
}


@generic{ProtoMolHowTo,
institution = {ProtoMol Team},
title = {{ProtoMol Ver. 2.0.3 - How-To Guide}},
year = {2006}
}
@generic{ProtoMolQuickRef,
institution = {ProtoMol Team},
pages = {104},
title = {{ProtoMol Ver. 2.0.3 - Quick Reference}},
year = {2005}
}


@article{Alkemade1963,
author = {C.T.J.Alkemade and Kampen, N.G.van and D.K.C.MacDonald},
journal = {Proc. Roy. Soc. London. A, Math. Phys. Sci.},
year = {1963}
}

@article{Derrida2007,
author = {Derrida, Bernard},
journal = {J. Stat. Mech. Theo. Exp},
pages = {P07023--P07023},
volume = 2007,
year = 2007
}


@book{Lefebvre-Brion2004,
author = {Lefebvre-Brion, Helene and Field, Robert W.},
isbn = 0124414567,
pages = 796,
publisher = {Academic Press},
title = {{The Spectra and Dynamics of Diatomic Molecules: Revised and Enlarged Edition}},
year = 2004
}

@article{Banks1966,
author = {Banks, Peter},
issn = 00320633,
journal = {Planet. Space Sci.},
month = nov,
number = 11,
pages = {1105--1122},
volume = 14,
year = 1966
}

@article{Gislason1973,
author = {Gislason, E A},
journal = {J. Chem. Phys.},
number = {9},
pages = {3702},
volume = {58},
year = {1973}
}

@article{Frey1982,
author = {Frey, R. and Kakoschke, R. and M\"{u}ller-Dethlefs, K. and Schlag, E. W.},
journal = {Z. Phys. Atom. Nucl.},
month = mar,
number = {1},
pages = {25--29},
volume = {307},
year = {1982}
}


@article{Schowalter2012,
author = {Schowalter, Steven J and Chen, Kuang and Rellergert, Wade G and Sullivan, Scott T and Hudson, Eric R},
journal = {Rev. Sci. Inst.},
month = apr,
number = 4,
pages = 043103,
pmid = 22559511,
volume = 83,
year = 2012
}


@article{Koren1988,
author = {Koren, G.},
issn = {0721-7269},
journal = {App. Phys. B.},
month = jun,
number = 2,
pages = {147--149},
volume = 46,
year = 1988
}


@book{Dawson1995,
author = {Dawson, Peter H},
booktitle = {American Vacuum Society Classics},
isbn = {1563964554},
pages = {1--349},
title = {{Quadrupole mass spectrometry and its applications}},
year = {1995},
publisher = {American Institute of Physics}
}


@book{Piela,
    Author =       {L. Piela},
    TITLE =        {Ideas of Quantum Chemistry},
    PUBLISHER =    {Elsevier},
    YEAR =         {2007},
    }

@book{Berkowitz1983,
    Editor =   {Berkowitz, J. and Groeneveld, K.-0.},
    TITLE =        {Molecular Ions: Geometric and Electronic Structures},
    PUBLISHER =    {Plenum Press},
    YEAR =         {1983},
    }

@article{Hechtfischer2007,
	Author = {Hechtfischer et al., U.},
	Journal = {J. Chem. Phys.},
    Volume = {127},	
    Pages = {204304},
	Year = {2007}
    }

@article{Svendsen2010,
	Author = {Svendsen et al., A.},
	Journal = {Rev. Sci. Inst.},
    Volume = {81},	
    Pages = {073107},
	Year = {2010}
    }

@article{Hashimoto2006,
	Author = {Hashimoto et al., Y.},
	Journal = {Jap. J. Appl. Phys.},
    Volume = {45},	
    Pages = {7108},
	Year = {2006}
    }

@article{Hudson2006a,
	Author = {Hudson, Eric and Ticknor, Christopher and Sawyer, Brian and Taatjes, Craig and Lewandowski, H. and Bochinski, J. and Bohn, J. and Ye, Jun},
	Journal = {Phys. Rev. A},
	Month = jun,
	Number = {6},
	Pages = {6--11},
	Volume = {73},
	Year = {2006}}

@article{Douglas2005,
	Author = {D. J. Douglas and A. J. Frank and D. Mao},
	Date-Added = {2010-11-16 16:14:35 -0800},
	Date-Modified = {2010-11-16 16:14:50 -0800},
	Journal = {Mass Spectrom. Rev},
	Pages = {1-29},
	Volume = {24},
	Year = {2005}}

@article{Curry2004,
	Author = {J. J. Curry},
	Journal = {J. Chem. Phys.},
	Pages = {725},
	Volume = {33},
	Year = {2004}}

@article{Kaledin1998,
	Author = {L. A. Kaledin and M. C. Heaven and R. W. Field},
	Date-Added = {2010-11-15 19:24:05 -0800},
	Date-Modified = {2010-11-15 19:26:32 -0800},
	Journal = {J. Mol. Spectrosc.},
	Number = {285},
	Volume = {193},
	Year = {1998}}

@article{Hojbjerre2009,
	Author = {K. Hojbjerre and A. K. Hansen and P. S. Skyt and P. F. Staanum and M. Drewsen},
	Date-Added = {2010-11-15 16:55:04 -0800},
	Date-Modified = {2010-11-15 16:58:43 -0800},
	Journal = {New J. Phys},
	Pages = {055026},
	Volume = {11},
	Year = {2009}}

@article{Lopez-Martens1999,
	Author = {R. B. Lopez-Martens and T. W. Schmidt and G. Roberts},
	Date-Added = {2010-11-15 15:04:01 -0800},
	Date-Modified = {2010-11-15 15:06:20 -0800},
	Journal = {J. Chem. Phys.},
	Number = {16},
	Pages = {7183-7186},
	Volume = {111},
	Year = {1999}}

@article{Wang2007,
	Author = {D. Wang and J. T. Kim and C. Ashbaugh and E. E. Eyler and P. L. Gould and W. C. Stwalley},
	Date-Added = {2010-11-15 14:49:43 -0800},
	Date-Modified = {2010-11-15 14:52:06 -0800},
	Journal = {Phys. Rev. A},
	Number = {3},
	Volume = {75},
	Year = {2007}}

@article{Broyer1986,
	Author = {M. Broyer and G. Delacretaz and P. Labastie and J. P. Wolf and L. Woste},
	Date-Added = {2010-11-15 13:55:34 -0800},
	Date-Modified = {2010-11-15 14:25:39 -0800},
	Journal = {Phys. Rev. Lett.},
	Month = {1854},
	Number = {15},
	Pages = {1851},
	Volume = {57},
	Year = {1986}}

@article{Sugar1979,
	Author = {J. Sugar and V. Kaufman},
	Date-Added = {2010-11-14 14:14:24 -0800},
	Date-Modified = {2010-11-14 14:18:32 -0800},
	Journal = {J. Opt. Soc. Am.},
	Pages = {141-143},
	Volume = {69},
	Year = {1979}}

@article{Andre2006,
	Author = {Andr\'{e}, a. and DeMille, D. and Doyle, J. M. and Lukin, M. D. and Maxwell, S. E. and Rabl, P. and Schoelkopf, R. J. and Zoller, P.},
	Date-Modified = {2010-11-16 10:38:57 -0800},
	Journal = {Nat. Phys.},
	Month = aug,
	Number = {9},
	Pages = {636--642},
	Volume = {2},
	Year = {2006}}

@article{Duncan2000,
	Author = {Duncan, MA},
	Date-Modified = {2010-11-16 10:39:42 -0800},
	Journal = {Int. J. Mass. Spec.},
	Keywords = {clusters,electronic spectroscopy,molecular ions,vibrational spectroscopy},
	Month = dec,
	Number = {1-3},
	Pages = {545--569},
	Volume = {200},
	Year = {2000}}


@article{Henyk2002,
	Author = {Henyk, M and Costache, F. and Reif, J.},
	Date-Modified = {2010-11-16 10:39:27 -0800},
	Journal = {Applied Surface Science},
	Keywords = {ionic crystals,laser ablation,ultrashort laser pulses},
	Month = jan,
	Number = {1-4},
	Pages = {381--384},
	Volume = {186},
	Year = {2002}}

@article{Herzberg1971,
	Author = {Herzberg, G.},
	Date-Modified = {2010-11-16 10:39:20 -0800},
	Journal = {Quarterly Reviews, Chemical Society},
	Month = oct,
	Number = {2},
	Pages = {201},
	Title = {Faraday Lecture. Spectra and structures of molecular ions},
	Volume = {25},
	Year = {1971}}

@article{Hudson2009,
	Author = {Hudson, Eric R.},
	Date-Modified = {2010-11-16 10:40:11 -0800},
	Journal = {Phys. Rev. A},
	Month = mar,
	Number = 3,
	Pages = {1--9},
	Volume = 79,
	Year = 2009}

@article{Larsson1988,
	Author = {Larsson, M. and Mannervik, S. and Short, R.T. and Sigray, P. and Sonnek, D.},
	Date-Modified = {2010-11-16 10:39:34 -0800},
	Journal = {Chem. Phys. Lett.},
	Month = may,
	Number = {6},
	Pages = {507--510},
	Volume = {146},
	Year = {1988}}

@article{Saykally1981,
	Author = {Saykally, R J and Woods, R C},
	Date-Modified = {2010-11-16 10:39:50 -0800},
	Journal = {Ann. Rev. Phys. Chem.},
	Month = oct,
	Number = {1},
	Pages = {403--431},
	Volume = {32},
	Year = {1981}}

@article{Schneider2010,
	Author = {Schneider, T. and Roth, B. and Duncker, H. and Ernsting, I. and Schiller, S.},
	Date-Modified = {2010-11-16 10:39:08 -0800},
	Journal = {Nat. Phys.},
	Month = mar,
	Number = {4},
	Pages = {275--278},
	Publisher = {Nature Publishing Group},
	Volume = {6},
	Year = {2010}}

@article{Reddy2010,
Author = {Reddy,~V.S. and Ghanta,~S. and Mahapatra,~S.},
Journal = {Phys. Rev. Lett.},
Volume = {104},
Pages = {111102},
Year = {2010},
}

@article{Smith1992,
	Author = {Smith, David},
	Journal = {Chem. Rev.},
	Month = nov,
	Number = 7,
	Pages = {1473--1485},
	Volume = 92,
	Year = 1992}

@article{Tong2010,
	Author = {Tong, Xin and Winney, Alexander and Willitsch, Stefan},
	Date-Modified = {2010-11-16 10:40:24 -0800},
	Journal = {Phys. Rev. Lett.},
	Month = sep,
	Number = {14},
	Pages = {1--4},
	Volume = {105},
	Year = {2010}}

@article{Akeby1988,
	Author = {{\AA} keby, Hans and Petterson, Lars G.M.},
	Date-Modified = {2010-11-16 10:39:56 -0800},
	Journal = {Chemical Physics Letters},
	Month = may,
	Number = {6},
	Pages = {511--514},
	Title = {Low-lying singlet states of MgCl+},
	Volume = {146},
	Year = {1988}}

@article{Karlstrom2003,
        Author = {Karlstr\"{o}m, G. and Lindh, R. and Malmqvist, P.-{\AA}. and Roos, B. O. and Ryde, U. and 
		 Veryazov, V. and Widmark, P.-O. and Cossi, M. and Schimmelpfennig, B. and Neogrady, P. and Seijo, L.},
        Journal = {Computational Material Science},
        Pages = {222},
        Volume = {28},
        Year = {2003}}
@article{Kotochigova2011,
         Author = {Kotochigova, S. and Petrov, A. and Hudson, E.},
         Journal = {In preparation},
         Title   = {Prospects for cooling heavy molecular ions},
	 Pages   = {},
	 Volume  = {},
         Year    = {}}	 

@article{Willitsch2008,
        Author = {Willitsch, S. and Bell, M. T. and Gingell, A. D. and Softley, T. P.},
        Journal = {Phys. Chem. Chem. Phys.},
        Pages	= {7200},
	Volume  = {10},
	Year    = {2008}}
@article{Williams1986,
	Author = {Williams, C. J. and Freed, K. F.},
	Journal = {J. Chem. Phys.},
        Pages   = {2699},
        Volume  = {85},
        Year    = {1986}}	

@book{Herzberg1957,
	Author = {Herzberg, G.},
	TITLE = {Molecular Spectra and Molecular Structure},
	PUBLISHER   = {D. van Nostrand company, Inc},
	Year    = {1957}}
@article{KRb2003,
	Author = {Kotochigova, S. and Julienne, P. S. and Tiesinga, E.},
	Journal = {Phys. Rev. A},
	Pages   = {022501},
	Volume  = {68},
	Year    = {2003}} 
@article{Colbert1992,
        Author = {Colbert, D. T. and Miller, W. H.},
        Journal = {J. Chem. Phys.},
        Pages   = {1982-1991},
        Volume  = {96},
        Year    = {1992}}	


@book{Werth2009,
  title={Charged Particle Traps II: Applications},
  author={Werth, G. and Gheorghe, V.N. and Major, F.G.},
  series={Springer Series on Atomic, Optical, and Plasma Physics},
  year=2009,
  publisher={Springer}
}

@book{Atzeni2004,
address = {Oxford},
author = {Atzeni, Stefano and Meyer-Ter-Vehn, Jurgen},
publisher = {Clarendon Press},
title = {{The Physics of Inertial Fusion: Beam Plasma Interaction}},
year = 2004
}

@article{Li1993,
author = {Li, Chi-Kang and Petrasso, Richard},
journal = {Phys. Rev. Lett.},
month = may,
number = 20,
pages = {3059--3062},
volume = 70,
year = 1993
}



@article{Landa2010,
author = {Landa et al., H.},
journal = {Phys. Rev. Lett.},
month = jan,
number = 4,
pages = 043004,
volume = 104,
year = 2010
}
@article{DelCampo2010,
author = {del Campo et al., A. },
journal = {Phys. Rev. Lett.},
month = aug,
number = 7,
pages = 075701,
volume = 105,
year = 2010
}

@article{Monz2011,
author = {Monz et al., Thomas},
journal = {Phys. Rev. Lett.},
month = mar,
number = 13,
pages = 130506,
volume = 106,
year = 2011
}


@article{Ben-Naim2005,
author = {Ben-Naim, E. and Machta, B. and Machta, J.},
journal = {Phys. Rev. E},
month = aug,
number = 2,
pages =  021302,
title = {{Power-law velocity distributions in granular gases}},
volume = 72,
year = 2005
}

@article{Gericke2002,
author = {Gericke, D. and Murillo, M. and Schlanges, M.},
journal = {Phys. Rev. E},
month = mar,
number = {3},
pages = {036418},
volume = {65},
year = {2002}
}


@article{Wester2009,
author = {Wester, Roland},
issn = {0953-4075},
journal = {Journal of Physics B: Atomic, Molecular and Optical Physics},
month = aug,
number = 15,
pages = 154001,
title = {{Radiofrequency multipole traps: tools for spectroscopy and dynamics of cold molecular ions}},
volume = 42,
year = 2009
}


@article{Diedrich1987,
  author = {Diedrich et al., F.},
  journal = {Phys. Rev. Lett.},
  volume = {59},
  issue = {26},
  pages = {2931--2934},
  year = {1987},
  month = {Dec},
  publisher = {American Physical Society}
}

@book{Huba1998,
  title={NRL Plasma Formulary},
  author={Huba, J.D},
  series={NRL publication},
  year={1998},
  publisher={Naval Research Laboratory}
}

@article{Mostovych1991,
author = {Mostovych et al., A.},
journal = {Phys. Rev. Lett.},
month = feb,
number = 5,
pages = {612--615},
volume = 66,
year = 1991
}

@article{Ng1995,
author = {Ng et al., A.},
journal = {Phys. Rev. E},
month = oct,
number = {4},
pages = {4299--4310},
volume = {52},
year = {1995}
}


@article{Blythe2005,
author = {Blythe et al., P. },
journal = {Phys. Rev. Lett.},
month = oct,
number = 18,
pages = 183002,
volume = 95,
year = 2005
}


@article{Drewsen1998,
author = {Drewsen et al., M. },
journal = {Phys. Rev. Lett.},
month = oct,
number = 14,
pages = {2878--2881},
volume = 81,
year = 1998
}

@book{Drake2005,
  title={Springer Handbook of Atomic, Molecular, and Optical Physics},
  author={Drake, G.W.F.},
  volume=1,
  year=2005,
  publisher={Springer}
}

@article{Blumel1989,
author = {Bl\"{u}mel et al., R. },
journal = {Phys. Rev. A},
month = jul,
number = {2},
pages = {808--823},
volume = {40},
year = {1989}
}

@article{Berkeland1998,
author = {Berkeland et al., D. J.},
journal = {J. Appl. Phys.},
number = 10,
pages = 5025,
volume = 83,
year = 1998
}

@article{Brush1966,
author = {Brush, S. G. and Sahlin, H. L. and Teller, E.},
journal = {J. Chem. Phys.},
number = 6,
pages = 2102,
volume = 45,
year = 1966
}

@article{Wesenberg2007,
author = {Wesenberg et al., J. },
journal = {Phys. Rev. A},
month = nov,
number = 5,
pages = 053416,
volume = 76,
year = 2007
}

@book{Manura2008,
address = {Ringoes},
author = {Manura, David and Dahl, David},
edition = {Revision 4},
publisher = {Scientific Instrument Services, Inc.},
title = {{SIMION (R) 8.0 User Manual}},
year = 2008
}


@article{Brown2005,
author = {Brown, L and Preston, D and Singleton Jr, R},
journal = {Phys. Rep.},
month = may,
number = 4,
pages = {237--333},
title = {{Charged particle motion in a highly ionized plasma}},
volume = 410,
year = 2005
}

@article{Baba2002,
author = {Baba, T. and Waki, I.},
journal = {Appl. Phys. B},
month = apr,
number = {4-5},
pages = {375--382},
volume = {74},
year = {2002}
}

@article{Benedict2009,
author = {Benedict et al., Lorin X. },
journal = {Phys. Rev. Lett.},
month = may,
number = 20,
pages = 205004,
volume = 102,
year = 2009
}
@article{Dimonte2008,
author = {Dimonte, Guy and Daligault, Jerome},
journal = {Phys. Rev. Lett.},
month = sep,
number = 13,
pages = 135001,
volume = 101,
year = 2008
}
@article{Dubin1991,
author = {Dubin, Daniel},
journal = {Phys. Rev. Lett.},
month = apr,
number = {16},
pages = {2076--2079},
volume = {66},
year = {1991}
}
@article{Hansen1973,
author = {Hansen, Jean},
journal = {Phys. Rev. A},
month = dec,
number = {6},
pages = {3096--3109},
volume = {8},
year = {1973}
}

@article{Landau1936,
author = {Landau, L.D.},
journal = {Phys. Z. Sowjetunion},
pages = {154},
volume = {10},
year = {1936}
}
@book{Lifshitz2006,
address = {Oxford},
author = {Lifshitz, E and Pitaevskii, L},
publisher = {Elsevier, Butterworth \& Heinemann},
title = {{Physical Kinetics}},
year = {2006}
}
@article{Major1968,
author = {Major, F. and Dehmelt, H.},
journal = {Phys. Rev.},
month = jun,
number = 1,
pages = {91--107},
volume = 170,
year = 1968
}
@article{Matthey2004,
author = {Matthey et al., Thierry},
journal = {ACM Trans. Math. Softw.},
month = sep,
number = 3,
pages = {237--265},
volume = 30,
year = 2004
}
@article{Moriwaki1992,
author = {Moriwaki, Y and Tachikawa, M and Maeno, Y},
journal = {Jpn. J. Appl. Phys},
year = 1992,
volume = 31,
pages = {L1640--L1630}
}
@article{Ryjkov2005,
author = {Ryjkov, Vladimir and Zhao, XianZhen and Schuessler, Hans},
journal = {Phys. Rev. A},
month = mar,
number = 3,
pages = 033414,
volume = 71,
year = 2005
}
@article{Schaaf1981,
author = {Schaaf, H. and Schmeling, U. and Werth, G.},
doi = {10.1007/BF00902978},
journal = {Appl. Phys.},
month = jul,
number = 3,
pages = {249--251},
title = {{Trapped ion density distribution in the presence of He-buffer gas}},
volume = 25,
year = 1981
}

@article{Schiffer1988,
author = {Schiffer, John},
journal = {Phys. Rev. Lett.},
month = oct,
number = 16,
pages = {1843--1846},
volume = 61,
year = 1988
}

@book{Spitzer1962,
address = {New York},
author = {Spitzer, Lyman},
publisher = {John Wiley},
title = {{Physics of Fully Ionized Gases}},
year = 1962
}
@article{Verlet1967,
author = {Verlet, Loup},
journal = {Phys. Rev.},
month = jul,
number = 1,
pages = {98--103},
volume = 159,
year = 1967
}
@article{Zhang2007,
author = {Zhang et al., C. },
journal = {Phys. Rev. A},
month = jul,
number = 1,
pages = 012719,
volume = 76,
year = 2007
}
@book{DLMF,
publisher = {National Institute of Standards and Technology},
title = {{Digital Library of Mathematical Functions}},
url = {http://dlmf.nist.gov/},
year = {2012}
} 
@article{Blatt1986,
author = {Blatt et al., R.},
journal = {Z. Phys. D.},
month = jun,
number = 2,
pages = {121--126},
volume = 4,
year = 1986
}
@article{Siemers1988,
author = {Siemers et al., I.},
journal = {Phys. Rev. A},
month = nov,
number = 10,
pages = {5121--5128},
volume = 38,
year = 1988
}


@article{Campbell2007,
author = {Campbell, Wesley and Tsikata, Edem and Lu, Hsin-I and van Buuren, Laurens and Doyle, John},
journal = {Phys. Rev. Lett.},
month = may,
number = 21,
pages = 213001,
volume = 98,
year = 2007
}

@article{Kesten1973,
author = {Kesten, Harry},
journal = {Acta Math.},
month = dec,
number = 1,
pages = {207--248},
volume = 131,
year = 1973
}

@article{Schwarz2006,
author = {Schwarz, Stefan},
journal = {Nucl. Instrum. Methods. Phys. Res. A},
keywords = {ion buncher,ion cooling,ion guide,ion trap,radioactive ion beams},
month = oct,
number = 2,
pages = {233--243},
volume = 566,
year = 2006
}


@article{Drewsen2004,
author = {Drewsen, M. and Mortensen, a. and Martinussen, R. and Staanum, P. and S\o rensen, J.},
journal = {Phys. Rev. Lett.},
month = dec,
number = 24,
pages = 243201,
volume = 93,
year = 2004
}
@article{Roth2005a,
author = {Roth, B. and Fr\"{o}hlich, U. and Schiller, S.},
journal = {Phys. Rev. Lett.},
month = feb,
number = 5,
pages = 053001,
title = {{Sympathetic Cooling of He+4 Ions in a Radio-Frequency Trap}},
volume = 94,
year = 2005
}
@article{Bressel2012,
author = {Bressel, U. and Borodin, a. and Shen, J. and Hansen, M. and Ernsting, I. and Schiller, S.},
journal = {Phys. Rev. Lett.},
month = may,
number = 18,
pages = 183003,
volume = 108,
year = 2012
}

@article{Chen2013,
author = {Chen, Kuang and Sullivan, Scott T. and Rellergert, Wade G. and Hudson, Eric R.},
journal = {Phys. Rev. Lett.},
month = apr,
number = 17,
pages = 173003,
volume = 110,
year = 2013
}

@article{Lee2013,
author = {Lee, Seunghyun and Ravi, K. and Rangwala, S. a.},
journal = {Phys. Rev. A},
month = may,
number = 5,
pages = 052701,
volume = 87,
year = 2013
}


@article{Haze2013,
archivePrefix = {arXiv},
arxivId = {arXiv:1305.3346v1},
author = {Haze, Shinsuke and Hata, Sousuke and Fujinaga, Munekazu and Mukaiyama, Takashi},
eprint = {arXiv:1305.3346v1},
}
@article{Nourse1990,
author = {Nourse, B. D. and Kenttamaa, H. I.},
journal = {J. Phys. Chem.},
month = jul,
number = 15,
pages = {5809--5812},
title = {{Effective ion temperatures in a quadrupole ion trap}},
volume = 94,
year = 1990
}

@article{Langevin1905,
author = {Langevin, P},
journal = {Ann. Chim. Phys},
pages = {245},
volume = {5},
year = {1905}
}

@book{Abramowitz1964,
address = {New York},
author = {Abramowitz, Milton and Stegun, Irene A.},
publisher = {Dover Publications},
title = {{Handbook of mathematical functions with formulas, graphs, and mathematical tables}},
year = {1964}
}

@book{Friedrich2005,
address = {New York},
author = {Friedrich, Harald},
edition = {Third Edit},
publisher = {Springer Verlag},
title = {{Theoretical Atomic Physics}},
year = 2005
}


@article{Cetina2012,
author = {Cetina, Marko and Grier, Andrew T. and Vuleti\'{c}, Vladan},
journal = {Phys. Rev. Lett.},
month = dec,
number = 25,
pages = 253201,
volume = 109,
year = 2012
}
@article{Cote2000,
author = {C\^{o}t\'{e}, R. and Dalgarno, A.},
journal = {Phys. Rev. A},
month = jun,
number = 1,
pages = 012709,
volume = 62,
year = 2000
}
@article{Dalgarno1958,
author = {Dalgarno, A. and McDowell, M. R. C. and Williams, A.},
journal = {Phil. Trans. R. Soc. A},
month = apr,
number = 982,
pages = {411--425},
volume = 250,
year = 1958
}
@article{DeCarvalho1999,
author = {DeCarvalho, R. and Doyle, J.M. and Friedrich, B and Guillet, T and Kim, J and Patterson, D and Weinstein, J.D.},
journal = {Eur. Phys. J. D},
number = 3,
pages = 289,
volume = 7,
year = 1999
}
@article{DeVoe2009,
author = {DeVoe, Ralph},
journal = {Phys. Rev. Lett.},
month = feb,
number = 6,
pages = {1--4},
volume = 102,
year = 2009
}
@article{Gao2010,
author = {Gao, Bo},
journal = {Phys. Rev. Lett.},
month = may,
number = 21,
pages = 213201,
volume = 104,
year = 2010
}
@book{Gerlich1992,
address = {Hoboken, NJ, USA},
author = {Gerlich, Dieter},
doi = {10.1002/9780470141397},
editor = {Ng, Cheuk-Yiu and Baer, Michael and Prigogine, Ilya and Rice, Stuart A.},
file = {:home/kuang/Documents/ger92.pdf:pdf},
isbn = {9780470141397},
month = jan,
publisher = {John Wiley \& Sons, Inc.},
series = {Advances in Chemical Physics},
title = {{Advances in Chemical Physics}},
url = {http://doi.wiley.com/10.1002/9780470141397},
volume = {82},
year = {1992}
}
@article{Glassgold2005,
author = {Glassgold, Alfred E and Krsti\'{c}, Predrag S. and Schultz, David R},
doi = {10.1086/427686},
file = {:home/kuang/.local/share/data/Mendeley Ltd./Mendeley Desktop/Downloaded/Glassgold, Krsti\'{c}, Schultz - 2005 - H\{\} H Scattering and Ambipolar Diffusion Heating.pdf:pdf},
issn = {0004-637X},
journal = {The Astrophysical Journal},
month = mar,
number = {2},
pages = {808--816},
title = {{H\^{}\{+\} + H Scattering and Ambipolar Diffusion Heating}},
url = {http://stacks.iop.org/0004-637X/621/i=2/a=808},
volume = {621},
year = {2005}
}
@article{Goodman2012,
author = {Goodman, D. S. and Sivarajah, I. and Wells, J. E. and Narducci, F. a. and Smith, W. W.},
journal = {Phys. Rev. A},
month = sep,
number = 3,
pages = 033408,
title = {{Ion–neutral-atom sympathetic cooling in a hybrid linear rf Paul and magneto-optical trap}},
volume = 86,
year = 2012
}
@article{Grier2009,
author = {Grier, Andrew and Cetina, Marko and Oru\v{c}evi\'{c}, Fedja and Vuleti\'{c}, Vladan},
journal = {Phys. Rev. Lett.},
month = jun,
number = 22,
pages = 223201,
volume = 102,
year = 2009
}
@article{Hepburn1978,
author = {Hepburn, John W and {Le Roy}, Robert J.},
journal = {Chem. Phys. Lett.},
month = jul,
number = {2},
pages = {304--310},
title = {{On calculating phase shifts and performing fits to scattering cross sections or transport properties}},
url = {http://linkinghub.elsevier.com/retrieve/pii/0009261478804576},
volume = {57},
year = {1978}
}
@article{Idziaszek2011,
author = {Idziaszek, Zbigniew and Simoni, Andrea and Calarco, Tommaso and Julienne, Paul S},
doi = {10.1088/1367-2630/13/8/083005},
file = {:home/kuang/.local/share/data/Mendeley Ltd./Mendeley Desktop/Downloaded/Idziaszek et al. - 2011 - Multichannel quantum-defect theory for ultracold atom–ion collisions.pdf:pdf},
issn = {1367-2630},
journal = {New J. Phys.},
month = aug,
number = {8},
pages = {083005},
title = {{Multichannel quantum-defect theory for ultracold atom–ion collisions}},
volume = {13},
year = {2011}
}
@article{Johnson1999,
author = {Johnson, B R},
journal = {J. Chem. Phys.},
number = 9,
pages = 4086,
volume = 67,
year = 1999
}
@article{Krych2011,
author = {Krych, Michał and Skomorowski, Wojciech and Pawłowski, Filip and Moszynski, Robert and Idziaszek, Zbigniew},
doi = {10.1103/PhysRevA.83.032723},
file = {:home/kuang/.local/share/data/Mendeley Ltd./Mendeley Desktop/Downloaded/Krych et al. - 2011 - Sympathetic cooling of the Ba\{\} ion by collisions with ultracold Rb atoms Theoretical prospects.pdf:pdf},
issn = {1050-2947},
journal = {Physical Review A},
month = mar,
number = {3},
pages = {032723},
title = {{Sympathetic cooling of the Ba\^{}\{+\} ion by collisions with ultracold Rb atoms: Theoretical prospects}},
url = {http://link.aps.org/doi/10.1103/PhysRevA.83.032723},
volume = {83},
year = {2011}
}
@article{Schuster2011,
author = {Schuster, DI and Bishop, LS and Chuang, IL and DeMille, D.},
journal = {Phys. Rev. A},
month = mar,
pages = 9,
year = 2011
}

@incollection{Major,
author = {Major, F. and Gheorght, V. and Werth, G.},
booktitle = {Charged Particle Traps},
doi = {10.1007/3-540-26576-7\_12},
publisher = {Springer Berlin Heidelberg},
title = {{12 Buffer Gas Cooling}}
}
@article{Makarov2003,
author = {Makarov, Oleg and C\^{o}t\'{e}, R. and Michels, H. and Smith, W.},
doi = {10.1103/PhysRevA.67.042705},
issn = {1050-2947},
journal = {Physical Review A},
month = apr,
number = 4,
pages = 042705,
title = {{Radiative charge-transfer lifetime of the excited state of (NaCa)\^{}\{+\}}},
volume = 67,
year = 2003
}
@article{Parks1995,
author = {Parks, J H and Szöke, A.},
issn = {00219606},
journal = {J. Chem. Phys.},
number = {4},
pages = {1422},
volume = {103},
year = {1995}
}
@article{Ratschbacher2013,
author = {Ratschbacher, L. and Sias, C. and Carcagni, L. and Silver, J. M. and Zipkes, C. and K\"{o}hl, M.},
journal = {Phys. Rev. Lett.},
month = apr,
number = 16,
pages = 160402,
volume = 110,
year = 2013
}

@article{Ratschbacher2012,
author = {Ratschbacher, Lothar and Zipkes, Christoph and Sias, Carlo and K\"{o}hl, Michael},
journal = {Nat. Phys.},
month = jul,
number = 9,
pages = {649--652},
publisher = {Nature Publishing Group},
volume = 8,
year = 2012
}

@article{Rellergert2013,
author = {Rellergert, Wade G and Sullivan, Scott T and Schowalter, Steven J and Kotochigova, Svetlana and Chen, Kuang and Hudson, Eric R},
journal = {Nature},
month = mar,
number = 7442,
pages = {490--4},
pmid = 23538830,
volume = 495,
year = 2013
}

@article{Redner1990,
author = {Redner, S.},
doi = {10.1119/1.16497},
issn = {00029505},
journal = {American Journal of Physics},
number = {3},
pages = {267},
title = {{Random multiplicative processes: An elementary tutorial}},
url = {http://link.aip.org/link/?AJP/58/267/1\&Agg=doi},
volume = {58},
year = {1990}
}
@article{Sullivan2012,
author = {Sullivan, Scott T. and Rellergert, Wade G. and Kotochigova, Svetlana and Hudson, Eric R.},
journal = {Phys. Rev. Lett.},
month = nov,
number = 22,
pages = 223002,
volume = 109,
year = 2012
}

@article{Rellergert2011,
author = {Rellergert, Wade G. and Sullivan, Scott T. and Kotochigova, Svetlana and Petrov, Alexander and Chen, Kuang and Schowalter, Steven J. and Hudson, Eric R.},
journal = {Phys. Rev. Lett.},
month = dec,
number = 24,
pages = 243201,
volume = 107,
year = 2011
}
@article{Zipkes2010a,
author = {Zipkes, Christoph and Palzer, Stefan and Sias, Carlo and K\"{o}hl, Michael},
journal = {Nature},
month = mar,
number = 7287,
pages = {388--91},
pmid = 20237565,
volume = 464,
year = 2010
}

@article{Schmid2010a,
author = {Schmid, Stefan and H\"{a}rter, Arne and Denschlag, Johannes Hecker},
journal = {Phys. Rev. Lett.},
month = sep,
number = 13,
pages = 133202,
volume = 105,
year = 2010
}
@article{Schwerdtfeger2013,
author = {Schwerdtfeger, Peter},
journal = {ctcp.massey.ac.nz},
title = {{Table of experimental and calculated static dipole polarizabilities for the electronic ground states of the neutral elements (in atomic units)}},
year = {2013}
}
@article{Smith1990,
author = {Smith, Sean C. and McEwan, Murray J. and Giles, Kevin and Smith, David and Adams, Nigel G.},
journal = {Int. J. Mass. Spec. and Ion Proc.},
month = feb,
number = {1},
pages = {77--96},
title = {{Unimolecular decomposition of a polyatomic ion in a variable-temperature selected-ion-flow-drift tube: experiment and theoretical interpretation}},
url = {http://linkinghub.elsevier.com/retrieve/pii/0168117690800433},
volume = {96},
year = {1990}
}
@article{Takayasu1997,
author = {Takayasu, Hideki and Takayasu, Misako},
journal = {Phys. Rev. Lett.},
month = aug,
number = 6,
pages = {966--969},
volume = 79,
year = 1997
}
@article{Zhang2009,
author = {Zhang, Peng and Dalgarno, Alex and C\^{o}t\'{e}, Robin},
journal = {Phys. Rev. A},
month = sep,
number = 3,
pages = 030703,
volume = 80,
year = 2009
}
@article{Zipkes2010b,
author = {Zipkes, Christoph and Palzer, Stefan and Ratschbacher, Lothar and Sias, Carlo and K\"{o}hl, Michael},
journal = {Phys. Rev. Lett.},
month = sep,
number = 13,
pages = 133201,
volume = 105,
year = 2010
}
@article{Hall2011,
author = {Hall, Felix H. J. and Aymar, Mireille and Bouloufa-Maafa, Nadia and Dulieu, Olivier and Willitsch, Stefan},
journal = {Phys. Rev. Lett.},
month = dec,
number = 24,
pages = 243202,
volume = 107,
year = 2011
}

@article{Zipkes2011,
author = {Zipkes, Christoph and Ratschbacher, Lothar and Sias, Carlo and K\"{o}hl, Michael},
issn = {1367-2630},
journal = {New J. Phys.},
month = may,
number = {5},
pages = {053020},
volume = {13},
year = {2011}
}

@article{Chen2014,
author = {Chen, Kuang},
year = {Work in preparation},
}